@inproceedings {179196,
	author = {Mike Ryan},
	title = {Bluetooth: With Low Energy Comes Low Security},
	booktitle = {Presented as part of the 7th USENIX Workshop on Offensive Technologies},
	year = {2013},
	address = {Washington, D.C.},
	url = {https://www.usenix.org/conference/woot13/workshop-program/presentation/Ryan},
	publisher = {USENIX},
}
@inproceedings {hitbox_mike_ryan,
	author = {Mike Ryan},
	title = {Bluetooth Smart},
	booktitle = {Hack In The Box Malaysia},
	year = {2014},
	address = {Malaysia},
	url = {https://www.usenix.org/conference/woot13/workshop-program/presentation/Ryan},
	publisher = {HITBOX},
}

@inproceedings {2012_defcon_ryan_holeman,
	author = {Ryan Holeman},
	title = {Bluetooth monitoring with SCAPY},
	booktitle = {DefCon},
	year = {2012},
	address = {SAIC},
	url = {http://www.slideshare.net/the_netlocksmith/defcon-20-bluetooth-monitoring-with-scapy},
	publisher = {defcon},
}

@article{mryan2014ble,
  title={Bluetooth: With Low Energy comes Low Security},
  author={Ryan, Mike},
  year={2014},
}

@article{chai20126,
  title={6.858: Hacking Bluetooth},
  author={Chai, Elaina and Deardorff, Ben and Wu, Cathy},
  year={2012}
}

@misc{img_btstack,
  title = {The Bluetooth protocol stack},
  howpublished = {\url{http://www.oracle.com/technetwork/testcontent/fig1-1-158000.jpg}},
  note = {Accessed: 2014-12-05}
}

@misc{sw2getstarted,
  title = {Get started},
  howpublished = {\url{https://developer.sony.com/develop/wearables/smartwatch-2-apis/get-started/}},
  note = {Accessed: 2014-12-09}
}

